%YAML 1.1
%TAG !u! tag:unity3d.com,2011:
--- !u!1001 &100100000
Prefab:
  m_ObjectHideFlags: 1
  serializedVersion: 2
  m_Modification:
    m_TransformParent: {fileID: 0}
    m_Modifications: []
    m_RemovedComponents: []
  m_ParentPrefab: {fileID: 0}
  m_RootGameObject: {fileID: 1365287175088756}
  m_IsPrefabParent: 1
--- !u!1 &1365287175088756
GameObject:
  m_ObjectHideFlags: 0
  m_PrefabParentObject: {fileID: 0}
  m_PrefabInternal: {fileID: 100100000}
  serializedVersion: 5
  m_Component:
  - component: {fileID: 4895730160478412}
  - component: {fileID: 114189296267776538}
  - component: {fileID: 114206364004875644}
  m_Layer: 0
  m_Name: Services
  m_TagString: Untagged
  m_Icon: {fileID: 0}
  m_NavMeshLayer: 0
  m_StaticEditorFlags: 0
  m_IsActive: 1
--- !u!4 &4895730160478412
Transform:
  m_ObjectHideFlags: 1
  m_PrefabParentObject: {fileID: 0}
  m_PrefabInternal: {fileID: 100100000}
  m_GameObject: {fileID: 1365287175088756}
  m_LocalRotation: {x: 0, y: 0, z: 0, w: 1}
  m_LocalPosition: {x: 174, y: 359.57333, z: 0}
  m_LocalScale: {x: 1, y: 1, z: 1}
  m_Children: []
  m_Father: {fileID: 0}
  m_RootOrder: 0
  m_LocalEulerAnglesHint: {x: 0, y: 0, z: 0}
--- !u!114 &114189296267776538
MonoBehaviour:
  m_ObjectHideFlags: 1
  m_PrefabParentObject: {fileID: 0}
  m_PrefabInternal: {fileID: 100100000}
  m_GameObject: {fileID: 1365287175088756}
  m_Enabled: 1
  m_EditorHideFlags: 0
  m_Script: {fileID: 11500000, guid: 6d659b927d767bf458d0f5ed78106c3a, type: 3}
  m_Name: 
  m_EditorClassIdentifier: 
  joinMenuGO: {fileID: 0}
  waitMenuGO: {fileID: 0}
  theGame: {fileID: 0}
  lookTVGO: {fileID: 0}
  mainMenu: {fileID: 0}
  alwaysOnCanvas: {fileID: 0}
  waitListGO: {fileID: 0}
  score: {fileID: 0}
  playerLabelGO: {fileID: 114730198097315722, guid: 4c2210f3ee0779144a57925586e41788,
    type: 2}
  gameIndexInput: {fileID: 0}
  nameInput: {fileID: 0}
  errorLabel: {fileID: 0}
  host: fgj18.tomikokkonen.fi
  hostDebug: localhost:29920
  useDebugHost: 0
  currentPlayerIndex: 
  latestState:
    state: 
    joinCode: 
    players: []
    skippingPlayers: []
    score: 0
    round: 0
    timeLeft: 0
    roundScores: []
  previousState:
    state: 
    joinCode: 
    players: []
    skippingPlayers: []
    score: 0
    round: 0
    timeLeft: 0
    roundScores: []
--- !u!114 &114206364004875644
MonoBehaviour:
  m_ObjectHideFlags: 1
  m_PrefabParentObject: {fileID: 0}
  m_PrefabInternal: {fileID: 100100000}
  m_GameObject: {fileID: 1365287175088756}
  m_Enabled: 1
  m_EditorHideFlags: 0
  m_Script: {fileID: 11500000, guid: 73aba884b380a4a12a97d210c2a00963, type: 3}
  m_Name: 
  m_EditorClassIdentifier: 
  button: {fileID: 0}
  label: {fileID: 0}
  username: {fileID: 0}
  gameId: {fileID: 0}
  menu: {fileID: 114189296267776538}
